<record><leader>00000cas a22000007a 4500</leader><controlfield tag="001">18577148</controlfield><controlfield tag="008">881006d19071910nduwr ne      0    0eng d</controlfield><datafield ind1=" " ind2=" " tag="010"><subfield code="a">sn 88076621 </subfield></datafield><datafield ind1=" " ind2=" " tag="040"><subfield code="a">NOP</subfield><subfield code="b">eng</subfield><subfield code="c">NOP</subfield><subfield code="d">OCL</subfield><subfield code="d">OCLCQ</subfield></datafield><datafield ind1=" " ind2=" " tag="042"><subfield code="a">msc</subfield></datafield><datafield ind1="0" ind2="4" tag="245"><subfield code="a">The Mohall tribune.</subfield></datafield><datafield ind1=" " ind2=" " tag="260"><subfield code="a">Mohall, N.D. :</subfield><subfield code="b">J.W. Schnitzler</subfield></datafield><datafield ind1=" " ind2=" " tag="300"><subfield code="a">4 v. :</subfield><subfield code="b">ill. ;</subfield><subfield code="c">56 cm.</subfield></datafield><datafield ind1=" " ind2=" " tag="310"><subfield code="a">Weekly</subfield></datafield><datafield ind1="0" ind2=" " tag="362"><subfield code="a">Vol. 5, no. 44 (Nov. 14, 1907)-v. 8, no. 24 (June 23, 1910).</subfield></datafield><datafield ind1=" " ind2=" " tag="500"><subfield code="a">"Official paper of Ward County", 1907-1908.</subfield></datafield><datafield ind1=" " ind2=" " tag="530"><subfield code="a">Available on microfilm from the State Historical Society of North Dakota.</subfield></datafield><datafield ind1=" " ind2=" " tag="752"><subfield code="a">United States</subfield><subfield code="b">North Dakota</subfield><subfield code="c">Renville</subfield><subfield code="d">Mohall.</subfield></datafield><datafield ind1=" " ind2=" " tag="752"><subfield code="a">United States</subfield><subfield code="b">North Dakota</subfield><subfield code="c">Ward</subfield><subfield code="d">Mohall.</subfield></datafield><datafield ind1="0" ind2="0" tag="780"><subfield code="t">Renville County tribune (Mohall, N.D. : 1903)</subfield><subfield code="w">(DLC)sn 88076219</subfield></datafield><datafield ind1="0" ind2="0" tag="785"><subfield code="t">Renville County tribune (Mohall, N.D. : 1910)</subfield><subfield code="w">(DLC)sn 88076622</subfield></datafield></record>